<?xml version="1.0" encoding="UTF-8"?><collection><record><leader>07862ntm a2200613 a 4500</leader><controlfield tag="001">006806863</controlfield><controlfield tag="003">MiAaHDL</controlfield><controlfield tag="005">20190719000000.0</controlfield><controlfield tag="006">m        d        </controlfield><controlfield tag="007">cr bn ---auaua</controlfield><controlfield tag="008">090603s1389    xx            00| ||ara d</controlfield><datafield tag="035" ind1=" " ind2=" "><subfield code="a">(MiU)006806863</subfield></datafield><datafield tag="035" ind1=" " ind2=" "><subfield code="a">sdr-miu006806863</subfield></datafield><datafield tag="040" ind1=" " ind2=" "><subfield code="a">MiU</subfield><subfield code="c">MiU</subfield><subfield code="e">amremm</subfield></datafield><datafield tag="043" ind1=" " ind2=" "><subfield code="a">n-us-mi</subfield></datafield><datafield tag="100" ind1="1" ind2=" "><subfield code="6">880-01</subfield><subfield code="a">Bukhārī, Muḥammad ibn Ismāʻīl,</subfield><subfield code="d">810-870.</subfield></datafield><datafield tag="240" ind1="1" ind2="0"><subfield code="6">880-02</subfield><subfield code="a">Jāmiʻ al-ṣaḥīḥ.</subfield><subfield code="n">juzʼ 6</subfield></datafield><datafield tag="245" ind1="1" ind2="3"><subfield code="6">880-03</subfield><subfield code="a">al-Juz’ al-sādis min Ṣaḥīḥ al-Bukhārī,</subfield><subfield code="f">[791, i.e., 1389].</subfield></datafield><datafield tag="246" ind1="3" ind2=" "><subfield code="i">Title from inscription on opening leaf (p.5):</subfield><subfield code="a">السادس من البخاري</subfield></datafield><datafield tag="260" ind1=" " ind2=" "><subfield code="c">[1389].</subfield></datafield><datafield tag="300" ind1=" " ind2=" "><subfield code="a">226 leaves :</subfield><subfield code="b">paper ;</subfield><subfield code="c">215 x 160 (160 x 120) mm.</subfield></datafield><datafield tag="500" ind1=" " ind2=" "><subfield code="a">Shelfmark: Ann Arbor, University of Michigan, Special Collections Library, Isl. Ms. 492</subfield></datafield><datafield tag="500" ind1=" " ind2=" "><subfield code="a">Origin: As appears in colophon on p.457, copied by Aḥmad ibn Muḥammad ibn Muḥammad [?] al-Amāsī al-Ḥanafī with transcription of this volume finished 2 Jumādá II 791 [ca. 29 May 1389].</subfield></datafield><datafield tag="500" ind1=" " ind2=" "><subfield code="a">Accompanying materials: a. Inventory cataloguing slip in hand of Winifred Smeaton Thomas (paginated pp.1-2) -- b. Acquisitions slip from Yahuda (paginated pp.3-4) -- c. Slip with a note in English and Arabic "Should be beg. of كتاب مناقب الانصار" (paginated pp.23-24).</subfield></datafield><datafield tag="500" ind1=" " ind2=" "><subfield code="a">Former shelfmark: From spine label, upper doublure and recto of opening leaf (p.5) "IL 234" (likely supplied by Yahuda, see acquisitions slip).</subfield></datafield><datafield tag="500" ind1=" " ind2=" "><subfield code="a">Binding: Semi-limp dark brown leather with red leather over spine and edges/turn-ins (leather edged / leather framed binding) ; Type II binding (with flap though now lost) ; doublures in tan leather with tooled border ; upper and lower covers carry blind-stamped mandorla with pendants and tooled border ; originally sewn in white thread, two stations, though most threads are now lost ; in extremely poor condition with textblock coming undone and staining, abrasion and losses (mainly flap) to cover which is extremely small and likely was never attached to this textblock ; housed in box for protection.</subfield></datafield><datafield tag="500" ind1=" " ind2=" "><subfield code="a">Support: non-European (likely Arab) laid paper with 20 laid lines in 25 mm. (vertical) and grouped chain lines (horizontal) of which are visible a set of 4 chain lines (10-13 mm between each), a set of 3 chain lines (8 mm. between each) and a single chain line 11 mm. from the bottom of the leaf (likely part of another group), with 21 mm. between the set of 4 and the set of 3 and 71 mm. between the group of 3 and the single line.</subfield></datafield><datafield tag="500" ind1=" " ind2=" "><subfield code="a">Decoration: Section headings, sigla, and signes-de-renvoi (particularly those inscribed by the copyist) rubricated.</subfield></datafield><datafield tag="500" ind1=" " ind2=" "><subfield code="a">Script: Naskh ; elegant Mamlūk-era hand, probably Egyptian ; virtually serifless ; alifs generally straight and sans serif, but sometimes with a slight left foot ; somewhat rectilinear descenders ; mainly closed counters ; the lām-alif al-warrāqīyah is used ; on joined alifs (e.g. in نا endings and word-phrases beginning with بال) the base of the alif often drops below the baseline ; largely vocalized.</subfield></datafield><datafield tag="500" ind1=" " ind2=" "><subfield code="a">Layout: Written in 15 lines per page ; frame-ruled.</subfield></datafield><datafield tag="500" ind1=" " ind2=" "><subfield code="a">Collation: I (2), V+1 (13), 20 V(213), V+3 (226) ; chiefly quinions ; catchwords present ; quire numbering in the form of full words appears beginning at p.53, though partially lost to trimming ; pagination in pencil, Western numerals, supplied during digitization (includes inserts).</subfield></datafield><datafield tag="500" ind1=" " ind2=" "><subfield code="a">Colophon: "Scribal," rectangular, reads: "اخر الجزء السادس من صحيح البخاري رحمه الله من تجزيه عشرة اجزاء * يتلوه في اول الجزء السابع باب قوله ما ننسخ من آية او ننساها ان شاء الله تعالى الحمد لله وحده وصلى الله على سيدنا محمد وآله وصحبه وسلم وكان الفراغ من هذا الجزء يوم الجمعة ثاني جمادى الاخرة سنة احدى وتسعين وسبعماية كتابة ومقابلة على يد احمد بن محمد بن محمد[؟] بن عثمان الأماسي الحنفي لطف الله به بمنه وكرمه"</subfield></datafield><datafield tag="500" ind1=" " ind2=" "><subfield code="a">Explicit: "فخرج عبد الله فقال اشهد ان لا اله الا الله وان محمدا رسول الله فقالوا شرنا وابن شرنا وانتقصوه قال فهذا الذي كنت اخاف يا رسول الله"</subfield></datafield><datafield tag="500" ind1=" " ind2=" "><subfield code="a">Incipit: "باب مناقب عمار وحذيفة حدثنا مالك ابن اسماعيل حدثنا اسرائل عن المغيرة عن ابراهيم علقمة قال فصليت ركعتين ثم قلت اللهم يسر لي جليسا صالحا فأتيت قوما فجلست اليهم فإذا شيخ قد جاء حتى جلس إلى جنبي قلت من هذا قالوا أبو الدرداء فقلت إني دعوت الله أن ييسر لي جليسا صالحا فيسرك لي قال ممن أنت قلت من أهل الكوفة قال أو ليس عندكم ابن أم عبد صاحب النعلين والوساد والمطهرة وفيكم الذي أجاره الله من الشيطان [يعني] على لسان نبيه صلى الله عليه وسلم أو ليس فيكم صاحب سر النبي صلى الله عليه وسلم الذي لا يعلمه أحد غيره ثم قال كيف يقرأ عبد الله والليل إذا يغشى فقرأت عليه والليل إذا يغشى والذكر والأنثى قال والله لقد أقرأنيها رسول الله صلى الله عليه وسلم من فيه إلى في"</subfield></datafield><datafield tag="500" ind1=" " ind2=" "><subfield code="a">Title from 'title page' (p.9) and colophon (p.457).</subfield></datafield><datafield tag="500" ind1=" " ind2=" "><subfield code="a">Ms. codex.</subfield></datafield><datafield tag="510" ind1="4" ind2=" "><subfield code="a">Quiring-Zoche, Rosemarie. "How al-Buḫārī's 'Ṣaḥīḥ' was edited in the Middle Ages: ʻAlī al-Yūnīnī and his 'Rumūz'". Bulletin d'études orientales, 50 (1998): 191-222.</subfield></datafield><datafield tag="510" ind1="4" ind2=" "><subfield code="a">Ḥājjī Khalīfah. Kashf al-ẓunūn,</subfield><subfield code="c">ii, 512</subfield></datafield><datafield tag="510" ind1="4" ind2=" "><subfield code="a">Brockelmann, C. GAL,</subfield><subfield code="c">I 157-158</subfield></datafield><datafield tag="520" ind1="8" ind2=" "><subfield code="a">Fine copy of a sixth volume of al-Bukhārī’s celebrated collection of traditions opening in the 18th bāb of Kitāb faḍā’il al-ṣaḥābah and ending in the 6th bāb of Kitāb tafsīr al-Qur’ān, Sūrat al-Baqarah (Bāb man kāna ʻadūwan li-Jubrīl). Description provided by Noah Gardiner.</subfield></datafield><datafield tag="538" ind1=" " ind2=" "><subfield code="a">Mode of access: Internet.</subfield></datafield><datafield tag="541" ind1=" " ind2=" "><subfield code="a">Acquired in 1926 from the bookseller Isaac Benjamin S.E. Yahuda via purchase transacted on his behalf by Abraham Shalom Yahuda (1877-1951), his younger brother.</subfield></datafield><datafield tag="546" ind1=" " ind2=" "><subfield code="a">Arabic.</subfield></datafield><datafield tag="561" ind1=" " ind2=" "><subfield code="a">An explanation of the abbreviation symbols (their origin in al-Yūnīnī's manuscript, the chain of transmission/transmitters they represent, etc.) employed as signes-de-renvoi throught out the text appears on the recto of fol.2 (p.7) ; Kabīkaj invocation appears on 'title page' (p.9) ; numerous collations marks and statements appear (see pp.53, 120, 128, 135, 366, 412, etc.) in name of the copyist and one Muḥammad al-Barakhtī [?] (see p.457).</subfield></datafield><datafield tag="650" ind1=" " ind2="0"><subfield code="a">Manuscripts, Arabic</subfield><subfield code="z">Michigan</subfield><subfield code="z">Ann Arbor.</subfield></datafield><datafield tag="650" ind1=" " ind2="0"><subfield code="a">Hadith</subfield><subfield code="v">Texts</subfield><subfield code="v">Early works to 1800.</subfield></datafield><datafield tag="700" ind1="0" ind2=" "><subfield code="6">880-05</subfield><subfield code="a">Muḥammad al-Barakhtī,</subfield><subfield code="e">collator.</subfield></datafield><datafield tag="700" ind1="0" ind2=" "><subfield code="6">880-04</subfield><subfield code="a">Aḥmad ibn Muḥammad al-Amāsī,</subfield><subfield code="d">fl. 1389,</subfield><subfield code="e">scribe,</subfield><subfield code="e">collator.</subfield></datafield><datafield tag="773" ind1="0" ind2=" "><subfield code="a">Yahuda Collection.</subfield></datafield><datafield tag="880" ind1="0" ind2=" "><subfield code="6">700-05/</subfield><subfield code="a">محمد البرختي،</subfield><subfield code="e">مقابل.</subfield></datafield><datafield tag="880" ind1="0" ind2=" "><subfield code="6">700-04/</subfield><subfield code="a">احمد بن محمد الاماسي،</subfield><subfield code="e">ناسخ،</subfield><subfield code="e">مقابل.</subfield></datafield><datafield tag="880" ind1="1" ind2="2"><subfield code="6">245-03/</subfield><subfield code="a">الجزء السادس من صحيح البخاري,</subfield><subfield code="f">[791ه، 1389م].</subfield></datafield><datafield tag="880" ind1="1" ind2="0"><subfield code="6">240-02/</subfield><subfield code="a">جامع الصحيح.</subfield><subfield code="n">جزء 6</subfield></datafield><datafield tag="880" ind1="1" ind2=" "><subfield code="6">100-01/</subfield><subfield code="a">بخاري، محمد بن اسماعيل</subfield></datafield><datafield tag="CID" ind1=" " ind2=" "><subfield code="a">006806863</subfield></datafield><datafield tag="DAT" ind1="0" ind2=" "><subfield code="a">20190719102637.0</subfield><subfield code="b">20190719000000.0</subfield></datafield><datafield tag="DAT" ind1="1" ind2=" "><subfield code="a">20190719090653.0</subfield><subfield code="b">2019-07-19T16:10:26Z</subfield></datafield><datafield tag="DAT" ind1="2" ind2=" "><subfield code="a">2015-10-02T18:00:03Z</subfield></datafield><datafield tag="CAT" ind1=" " ind2=" "><subfield code="a">SDR-MIU</subfield><subfield code="d">EX LIBRIS - ALEPH</subfield><subfield code="l">prepare.pl-004-008</subfield></datafield><datafield tag="FMT" ind1=" " ind2=" "><subfield code="a">BK</subfield></datafield><datafield tag="HOL" ind1=" " ind2=" "><subfield code="0">sdr-miu006806863</subfield><subfield code="a">MiU</subfield><subfield code="b">SDR</subfield><subfield code="c">MIU</subfield><subfield code="p">mdp.39015079128040</subfield><subfield code="s">MIU</subfield><subfield code="1">006806863</subfield></datafield><datafield tag="974" ind1=" " ind2=" "><subfield code="b">MIU</subfield><subfield code="c">MIU</subfield><subfield code="d">20190719</subfield><subfield code="s">lit-dlps-dc</subfield><subfield code="u">mdp.39015079128040</subfield><subfield code="y">1389</subfield><subfield code="r">pd</subfield><subfield code="q">bib</subfield><subfield code="t">non-US bib date1 &lt; 1896</subfield></datafield></record></collection>